@article{yu2016layer,
  title={Layer 4 fast-spiking interneurons filter thalamocortical signals during active somatosensation},
  author={Yu, Jianing and Gutnisky, Diego A and Hires, S Andrew and Svoboda, Karel},
  journal={Nature neuroscience},
  volume={19},
  number={12},
  pages={1647},
  year={2016},
  publisher={Nature Publishing Group}
}

@article{gonccalves2013circuit,
  title={Circuit level defects in the developing neocortex of Fragile X mice},
  author={Gon{\c{c}}alves, J Tiago and Anstey, James E and Golshani, Peyman and Portera-Cailliau, Carlos},
  journal={Nature neuroscience},
  volume={16},
  number={7},
  pages={903},
  year={2013},
  publisher={Nature Publishing Group}
}

@article{o2017population,
  title={The population tracking model: a simple, scalable statistical model for neural population data},
  author={O’Donnell, Cian and Gon{\c{c}}alves, J Tiago and Whiteley, Nick and Portera-Cailliau, Carlos and Sejnowski, Terrence J},
  journal={Neural computation},
  volume={29},
  number={1},
  pages={50--93},
  year={2017},
  publisher={MIT Press}
}

@article{o2017beyond,
  title={Beyond excitation/inhibition imbalance in multidimensional models of neural circuit changes in brain disorders},
  author={O'Donnell, Cian and Goncalves, J Tiago and Portera-Cailliau, Carlos and Sejnowski, Terrence J},
  journal={Elife},
  volume={6},
  pages={e26724},
  year={2017},
  publisher={eLife Sciences Publications Limited}
}

@article{martini2017interspersed,
  title={Interspersed distribution of selectivity to kinematic stimulus features in supragranular layers of mouse barrel cortex},
  author={Martini, Francisco J and Molano-Maz{\'o}n, Manuel and Maravall, Miguel},
  journal={Cerebral Cortex},
  volume={27},
  number={7},
  pages={3782--3789},
  year={2017},
  publisher={Oxford University Press}
}

@article{hires2015low,
  title={Low-noise encoding of active touch by layer 4 in the somatosensory cortex},
  author={Hires, Samuel Andrew and Gutnisky, Diego A and Yu, Jianing and O'Connor, Daniel H and Svoboda, Karel},
  journal={Elife},
  volume={4},
  pages={e06619},
  year={2015},
  publisher={eLife Sciences Publications Limited}
}

@misc{https://doi.org/10.6080/k0mg7mdv,
  doi = {10.6080/k0mg7mdv},
  url = {http://crcns.org/data-sets/ssc/ssc-5},
  author = {{S. Andrew Hires} and Gutnisky,  Diego and {Jianing Yu} and Svoboda,  Karel},
  keywords = {Neuroscience,  Somatosensory Cortex,  barrel cortex,  Mouse},
  language = {eng},
  title = {Juxtacellular recordings from primary somatosensory cortex (vS1) neurons of adult mice 
                  performing whisker-mediated object localization.},
  publisher = {CRCNS.org},
  year = {2017}
}

@article{mcguire2016short,
  title={Short time-scale sensory coding in S1 during discrimination of whisker vibrotactile sequences},
  author={McGuire, Leah M and Telian, Gregory and Laboy-Ju{\'a}rez, Keven J and Miyashita, Toshio and Lee, Daniel J and Smith, Katherine A and Feldman, Daniel E},
  journal={PLoS biology},
  volume={14},
  number={8},
  pages={e1002549},
  year={2016},
  publisher={Public Library of Science}
}

@misc{https://doi.org/10.6080/k06d5qxn,
  doi = {10.6080/k06d5qxn},
  url = {http://crcns.org/data-sets/ssc/ssc-4},
  author = {McGuire,  Leah M. and Telian,  Gregory and Laboy-Juárez,  Keven and Miyashita,  Toshio and Lee,  Daniel J. and Smith,  Katherine A. and Feldman,  Daniel E.},
  keywords = {Neuroscience,  Somatosensory Cortex,  barrel cortex,  Rat},
  language = {eng},
  title = {Extracellular recordings in rat barrel cortex during a whisker based discrimination task of tactile stimuli that 
                  varied in whisker deflection speed at short and fast time scales.},
  publisher = {CRCNS.org},
  year = {2016}
}

@article{ito2014large,
  title={Large-scale, high-resolution multielectrode-array recording depicts functional network differences of cortical and hippocampal cultures},
  author={Ito, Shinya and Yeh, Fang-Chin and Hiolski, Emma and Rydygier, Przemyslaw and Gunning, Deborah E and Hottowy, Pawel and Timme, Nicholas and Litke, Alan M and Beggs, John M},
  journal={PloS one},
  volume={9},
  number={8},
  pages={e105324},
  year={2014},
  publisher={Public Library of Science}
}

@article{litke2004does,
  title={What does the eye tell the brain?: Development of a system for the large-scale recording of retinal output activity},
  author={Litke, AM and Bezayiff, N and Chichilnisky, EJ and Cunningham, W and Dabrowski, W and Grillo, AA and Grivich, M and Grybos, P and Hottowy, P and Kachiguine, S and others},
  journal={IEEE Transactions on Nuclear Science},
  volume={51},
  number={4},
  pages={1434--1440},
  year={2004},
  publisher={IEEE}
}

@article{timme2014multiplex,
  title={Multiplex networks of cortical and hippocampal neurons revealed at different timescales},
  author={Timme, Nicholas and Ito, Shinya and Myroshnychenko, Maxym and Yeh, Fang-Chin and Hiolski, Emma and Litke, Alan M and Beggs, John M},
  journal={BMC neuroscience},
  volume={15},
  number={1},
  pages={P212},
  year={2014},
  publisher={BioMed Central}
}

@article{nigam2016rich,
  title={Rich-club organization in effective connectivity among cortical neurons},
  author={Nigam, Sunny and Shimono, Masanori and Ito, Shinya and Yeh, Fang-Chin and Timme, Nicholas and Myroshnychenko, Maxym and Lapish, Christopher C and Tosi, Zachary and Hottowy, Pawel and Smith, Wesley C and others},
  journal={Journal of Neuroscience},
  volume={36},
  number={3},
  pages={670--684},
  year={2016},
  publisher={Soc Neuroscience}
}

@article{shimono2014functional,
  title={Functional clusters, hubs, and communities in the cortical microconnectome},
  author={Shimono, Masanori and Beggs, John M},
  journal={Cerebral Cortex},
  volume={25},
  number={10},
  pages={3743--3757},
  year={2014},
  publisher={Oxford University Press}
}

@article{timme2016high,
  title={High-degree neurons feed cortical computations},
  author={Timme, Nicholas M and Ito, Shinya and Myroshnychenko, Maxym and Nigam, Sunny and Shimono, Masanori and Yeh, Fang-Chin and Hottowy, Pawel and Litke, Alan M and Beggs, John M},
  journal={PLoS computational biology},
  volume={12},
  number={5},
  pages={e1004858},
  year={2016},
  publisher={Public Library of Science}
}

@article{peron2015cellular,
  title={A cellular resolution map of barrel cortex activity during tactile behavior},
  author={Peron, Simon P and Freeman, Jeremy and Iyer, Vijay and Guo, Caiying and Svoboda, Karel},
  journal={Neuron},
  volume={86},
  number={3},
  pages={783--799},
  year={2015},
  publisher={Elsevier}
}

@article{guo2014flow,
  title={Flow of cortical activity underlying a tactile decision in mice},
  author={Guo, Zengcai V and Li, Nuo and Huber, Daniel and Ophir, Eran and Gutnisky, Diego and Ting, Jonathan T and Feng, Guoping and Svoboda, Karel},
  journal={Neuron},
  volume={81},
  number={1},
  pages={179--194},
  year={2014},
  publisher={Elsevier}
}

@misc{https://doi.org/10.6080/k0tb14tn,
  doi = {10.6080/k0tb14tn},
  url = {http://crcns.org/data-sets/ssc/ssc-2},
  author = {Peron,  Simon and Freeman,  Jeremy and Iyer,  Vijay and Guo,  Caiying and Svoboda,  Karel},
  keywords = {Neuroscience,  Calcium imaging,  Somatosensory Cortex,  Mouse},
  language = {eng},
  title = {Volumetric calcium imaging data recorded during performance of a single whisker object
  		localization task,  sampling activity in the majority of the relevant superficial barrel
  		cortex neurons (75 %,  12, 000 neurons per mouse).},
  publisher = {CRCNS.org},
  year = {2015}
}


@misc{https://doi.org/10.6080/k000001d,
  doi = {10.6080/k000001d},
  url = {http://crcns.org/data-sets/ssc/ssc-1/about-ssc-1},
  author = {Peron,  Simon and Freeman,  Jeremy and Iyer,  Vijay and Svoboda,  Karel},
  keywords = {Neuroscience,  Calcium imaging,  Somatosensory Cortex,  Mouse},
  language = {eng},
  title = {Calcium imaging data from vibrissal S1 neurons in adult mice
                  performing a pole localization task.},
  publisher = {CRCNS.org},
  year = {2014}
}

@article{li2015motor,
  title={A motor cortex circuit for motor planning and movement},
  author={Li, Nuo and Chen, Tsai-Wen and Guo, Zengcai V and Gerfen, Charles R and Svoboda, Karel},
  journal={Nature},
  volume={519},
  number={7541},
  pages={51},
  year={2015},
  publisher={Nature Publishing Group}
}

@article{guo2014flow,
  title={Flow of cortical activity underlying a tactile decision in mice},
  author={Guo, Zengcai V and Li, Nuo and Huber, Daniel and Ophir, Eran and Gutnisky, Diego and Ting, Jonathan T and Feng, Guoping and Svoboda, Karel},
  journal={Neuron},
  volume={81},
  number={1},
  pages={179--194},
  year={2014},
  publisher={Elsevier}
}

@misc{https://doi.org/10.6080/k0ms3qnt,
  doi = {10.6080/k0ms3qnt},
  url = {http://crcns.org/data-sets/motor-cortex/alm-1},
  author = {Li,  Nuo and Gerfen,  Charles R and Svoboda,  Karel},
  keywords = {Neuroscience,  Electrophysiology,  anterior lateral motor cortex (ALM),  motor cortex,  mice,  Extracellular recordings},
  language = {eng},
  title = {Extracellular recordings from anterior lateral motor cortex (ALM) neurons of adult mice 
                  performing a tactile decision behavior},
  publisher = {CRCNS.org},
  year = {2014}
}

@misc{https://doi.org/10.6080/k04m92gx,
  doi = {10.6080/k04m92gx},
  url = {http://crcns.org/data-sets/motor-cortex/alm-2},
  author = {Chen,  Tsai-Wen and Li,  Nuo and Gerfen,  Charles R and Guo,  Zengcai V. and Svoboda,  Karel},
  keywords = {Neuroscience,  Electrophysiology,  anterior lateral motor cortex (ALM),  motor cortex,  mice,  Calcium imaging recordings},
  language = {eng},
  title = {Calcium imaging responses from anterior lateral motor cortex (ALM)
                  neurons of adult mice performing a tactile decision behavior.},
  publisher = {CRCNS.org},
  year = {2016}
}

@article{li2016corrigendum,
  title={Corrigendum: Robust neuronal dynamics in premotor cortex during motor planning},
  author={Li, Nuo and Daie, Kayvon and Svoboda, Karel and Druckmann, Shaul},
  journal={Nature},
  volume={537},
  number={7618},
  pages={122},
  year={2016},
  publisher={Nature Publishing Group}
}

@article{guo2014flow,
  title={Flow of cortical activity underlying a tactile decision in mice},
  author={Guo, Zengcai V and Li, Nuo and Huber, Daniel and Ophir, Eran and Gutnisky, Diego and Ting, Jonathan T and Feng, Guoping and Svoboda, Karel},
  journal={Neuron},
  volume={81},
  number={1},
  pages={179--194},
  year={2014},
  publisher={Elsevier}
}


@misc{https://doi.org/10.6080/k0ns0s26,
  doi = {10.6080/k0ns0s26},
  url = {http://crcns.org/data-sets/motor-cortex/alm-4},
  author = {Li,  Nuo},
  keywords = {Neuroscience,  Electrophysiology,  anterior lateral motor cortex (ALM),  motor cortex,  cerebellum,  deep cerebellar nucleus,  mice,  Extracellular recordings},
  language = {eng},
  title = {Extracellular recordings from anterior lateral motor cortex (ALM) and
                  cerebellar nucleus neurons of adult mice performing a tactile decision behavior.},
  publisher = {CRCNS.org},
  year = {2018}
}

@article{lawlor2018linear,
  title={Linear-Nonlinear-Time-Warp-Poisson models of neural activity},
  author={Lawlor, Patrick N and Perich, Matthew G and Miller, Lee E and Kording, Konrad P},
  journal={bioRxiv},
  pages={194498},
  year={2018},
  publisher={Cold Spring Harbor Laboratory}
}

@misc{https://doi.org/10.6080/k0ft8j72,
  doi = {10.6080/k0ft8j72},
  url = {http://crcns.org/data-sets/motor-cortex/pmd-1},
  author = {Perich,  Matthew G. and Lawlor,  Patrick N. and Kording,  Konrad P. and Miller,  Lee E.},
  keywords = {Neuroscience,  Electrophysiology,  primary motor cortex (M1),  premotor cortex (PMd),  macaque,  Extracellular recordings},
  language = {eng},
  title = {Extracellular neural recordings from macaque primary and dorsal premotor
                          motor cortex during a sequential reaching task},
  publisher = {CRCNS.org},
  year = {2018}
}

@article{gao2018cortico,
  title={A cortico-cerebellar loop for motor planning},
  author={Gao, Zhenyu and Davis, Courtney and Thomas, Alyse M and Economo, Michael N and Abrego, Amada M and Svoboda, Karel and De Zeeuw, Chris I and Li, Nuo},
  journal={Nature},
  volume={563},
  number={7729},
  pages={113},
  year={2018},
  publisher={Nature Publishing Group}
}

@article{kamnitsas2015multi,
  title={Multi-scale 3D convolutional neural networks for lesion segmentation in brain MRI},
  author={Kamnitsas, Konstantinos and Chen, Liang and Ledig, Christian and Rueckert, Daniel and Glocker, Ben},
  journal={Ischemic stroke lesion segmentation},
  volume={13},
  pages={46},
  year={2015}
}
